<record><leader>00000cas a2200000 a 4500</leader><controlfield tag="001">11804840</controlfield><controlfield tag="008">850314d19091940ksuwr ne      0   a0ger d</controlfield><datafield ind1=" " ind2=" " tag="010"><subfield code="a">sn 85031000 </subfield></datafield><datafield ind1=" " ind2=" " tag="040"><subfield code="a">KSH</subfield><subfield code="b">eng</subfield><subfield code="c">KSH</subfield><subfield code="d">NPT</subfield><subfield code="d">OBN</subfield><subfield code="d">OCL</subfield><subfield code="d">OCLCQ</subfield><subfield code="d">OCLCF</subfield><subfield code="d">OCLCO</subfield></datafield><datafield ind1=" " ind2=" " tag="042"><subfield code="a">msc</subfield></datafield><datafield ind1=" " ind2=" " tag="043"><subfield code="a">n-us-ks</subfield></datafield><datafield ind1="0" ind2=" " tag="130"><subfield code="a">Vorwa&#776;rts (Hillsboro, Kan.)</subfield></datafield><datafield ind1="1" ind2="0" tag="245"><subfield code="a">Vorwa&#776;rts.</subfield></datafield><datafield ind1="3" ind2="0" tag="246"><subfield code="a">Hillsboro Vorwa&#776;rts</subfield></datafield><datafield ind1=" " ind2=" " tag="260"><subfield code="a">Hillsboro, Kan. :</subfield><subfield code="b">J.G. Evert</subfield></datafield><datafield ind1=" " ind2=" " tag="300"><subfield code="a">v.</subfield></datafield><datafield ind1=" " ind2=" " tag="310"><subfield code="a">Weekly</subfield></datafield><datafield ind1="0" ind2=" " tag="362"><subfield code="a">Vol. 8, no. 45 (Nov. 12, 1909)-v. 38, no. 27 (July 5, 1940).</subfield></datafield><datafield ind1=" " ind2=" " tag="500"><subfield code="a">Sometimes published as: Hillsboro Vorwa&#776;rts.</subfield></datafield><datafield ind1=" " ind2=" " tag="500"><subfield code="a">Published by: George Jacobsen, July 14, 1911; Forward Printing Co., Feb. 13, 1914-</subfield></datafield><datafield ind1=" " ind2="0" tag="651"><subfield code="a">Hillsboro (Kan.)</subfield><subfield code="v">Newspapers.</subfield></datafield><datafield ind1=" " ind2="0" tag="651"><subfield code="a">Marion County (Kan.)</subfield><subfield code="v">Newspapers.</subfield></datafield><datafield ind1=" " ind2="7" tag="655"><subfield code="a">Newspapers.</subfield><subfield code="2">fast</subfield><subfield code="0">(OCoLC)fst01423814</subfield></datafield><datafield ind1=" " ind2="7" tag="651"><subfield code="a">Kansas</subfield><subfield code="z">Hillsboro.</subfield><subfield code="2">fast</subfield><subfield code="0">(OCoLC)fst01223612</subfield></datafield><datafield ind1=" " ind2="7" tag="651"><subfield code="a">Kansas</subfield><subfield code="z">Marion County.</subfield><subfield code="2">fast</subfield><subfield code="0">(OCoLC)fst01212909</subfield></datafield><datafield ind1=" " ind2=" " tag="752"><subfield code="a">United States</subfield><subfield code="b">Kansas</subfield><subfield code="c">Marion</subfield><subfield code="d">Hillsboro.</subfield></datafield><datafield ind1="0" ind2="0" tag="780"><subfield code="t">Hillsboro journal and "vorwa&#776;rts"</subfield><subfield code="w">(DLC)sn 85030999</subfield></datafield><datafield ind1="0" ind2="0" tag="785"><subfield code="t">Hillsboro journal (Hillsboro, Kan. : 1940)</subfield><subfield code="w">(DLC)sn 85031001</subfield></datafield></record>